@article{arithmetic,
    author =       "David Goldberg",
    title =        "What Every Computer Scientist Should Know About Floating-Point Arithmetic",
    year =         "1991",
    url =          "https://docs.oracle.com/cd/E19957-01/806-3568/ncg_goldberg.html"
}

@article{CMMpaper,
    author =       "Wesley N. Colley",
    title =        "Colleyâ€™s Bias Free College Football Ranking Method: The Colley Matrix Explained",
    institution =  "Princeton University"
}

@article{kendall,
    author =       "Grace S. Shieh",
    title =        "A weighted Kendall's tau statistic",
    year =         "1998",
    url =          "https://www.sciencedirect.com/science/article/abs/pii/S0167715298000066"
}

@misc{repoAtp,
    author    = "Jeff Sackmann",
    title     = "Tennis ATP",
    url       = "https://github.com/JeffSackmann/tennis_atp"
}