@article{arithmetic,
    author =       "David Goldberg",
    title =        {\href{https://docs.oracle.com/cd/E19957-01/806-3568/ncg_goldberg.html}{What Every Computer Scientist Should Know About Floating-Point Arithmetic}},
    year =         "1991"
}

@article{CMMpaper,
    author =       "Wesley N. Colley",
    title =        {\href{https://www.colleyrankings.com/matrate.pdf}{Colleyâ€™s Bias Free College Football Ranking Method: The Colley Matrix Explained}},
    institution =  "Princeton University"
}

@article{kendall,
    author =       "Grace S. Shieh",
    title =        {\href{https://www.sciencedirect.com/science/article/abs/pii/S0167715298000066}{A weighted Kendall's tau statistic}},
    year =         "1998"
}

@misc{repoAtp,
    author    = "Jeff Sackmann",
    title     = {\href{https://github.com/JeffSackmann/tennis_atp}{Tennis ATP}}
}